@article{novotny:2017,
	author = {Vít Novotný},
	title = {Using Markdown inside {\TeX} documents},
	year = {2017},
	journal = {TUGboat},
	volume = {38},
	number = {2},
	pages = {214--217}
}

@article{novotny:2019,
	author = {Vít Novotný},
	title = {Markdown 2.7.0: Towards lightweight markup in {\TeX}},
	journal= {TUGboat},
	year = {2019},
	volume = {40},
	number = {1},
	pages = {25--27}
}

